<?xml version="1.0" encoding="UTF-8"?>
  <record xmlns="http://www.loc.gov/MARC21/slim" type="Authority">
    <leader>00000nz  a2200000nc 4500</leader>
    <controlfield tag="001">11855140X</controlfield>
    <controlfield tag="003">DE-101</controlfield>
    <controlfield tag="005">20220627113535.0</controlfield>
    <controlfield tag="008">880701n||azznnaabn           | aaa    |c</controlfield>
    <datafield tag="024" ind1="7" ind2=" ">
      <subfield code="a">11855140X</subfield>
      <subfield code="0">http://d-nb.info/gnd/11855140X</subfield>
      <subfield code="2">gnd</subfield>
    </datafield>
    <datafield tag="035" ind1=" " ind2=" ">
      <subfield code="a">(DE-101)11855140X</subfield>
    </datafield>
    <datafield tag="035" ind1=" " ind2=" ">
      <subfield code="a">(DE-588)11855140X</subfield>
    </datafield>
    <datafield tag="035" ind1=" " ind2=" ">
      <subfield code="z">(DE-588)1089794622</subfield>
    </datafield>
    <datafield tag="035" ind1=" " ind2=" ">
      <subfield code="z">(DE-588a)11855140X</subfield>
      <subfield code="9">v:zg</subfield>
    </datafield>
    <datafield tag="035" ind1=" " ind2=" ">
      <subfield code="z">(DE-588c)4024994-3</subfield>
      <subfield code="9">v:zg</subfield>
    </datafield>
    <datafield tag="040" ind1=" " ind2=" ">
      <subfield code="a">DE-101</subfield>
      <subfield code="c">DE-101</subfield>
      <subfield code="9">r:DE-101</subfield>
      <subfield code="b">ger</subfield>
      <subfield code="d">1240</subfield>
      <subfield code="e">rda</subfield>
    </datafield>
    <datafield tag="042" ind1=" " ind2=" ">
      <subfield code="a">gnd1</subfield>
    </datafield>
    <datafield tag="043" ind1=" " ind2=" ">
      <subfield code="c">XS</subfield>
      <subfield code="c">XA-GR</subfield>
    </datafield>
    <datafield tag="065" ind1=" " ind2=" ">
      <subfield code="a">27.20p</subfield>
      <subfield code="2">sswd</subfield>
    </datafield>
    <datafield tag="065" ind1=" " ind2=" ">
      <subfield code="a">4.7p</subfield>
      <subfield code="2">sswd</subfield>
    </datafield>
    <datafield tag="075" ind1=" " ind2=" ">
      <subfield code="b">p</subfield>
      <subfield code="2">gndgen</subfield>
    </datafield>
    <datafield tag="075" ind1=" " ind2=" ">
      <subfield code="b">piz</subfield>
      <subfield code="2">gndspec</subfield>
    </datafield>
    <datafield tag="079" ind1=" " ind2=" ">
      <subfield code="a">g</subfield>
      <subfield code="q">f</subfield>
      <subfield code="q">p</subfield>
      <subfield code="q">s</subfield>
      <subfield code="q">a</subfield>
      <subfield code="q">d</subfield>
      <subfield code="u">v</subfield>
      <subfield code="u">w</subfield>
      <subfield code="u">o</subfield>
    </datafield>
    <datafield tag="100" ind1="0" ind2=" ">
      <subfield code="a">Hippocrates</subfield>
      <subfield code="d">v460-v370</subfield>
    </datafield>
    <datafield tag="375" ind1=" " ind2=" ">
      <subfield code="a">1</subfield>
      <subfield code="2">iso5218</subfield>
    </datafield>
    <datafield tag="377" ind1=" " ind2="7">
      <subfield code="a">grc</subfield>
      <subfield code="2">iso639-2b</subfield>
    </datafield>
    <datafield tag="400" ind1="0" ind2=" ">
      <subfield code="a">Ibbuqrāṭ</subfield>
      <subfield code="d">v460-v370</subfield>
    </datafield>
    <datafield tag="400" ind1="0" ind2=" ">
      <subfield code="a">Abiqrāṭ</subfield>
      <subfield code="d">v460-v370</subfield>
    </datafield>
    <datafield tag="400" ind1="0" ind2=" ">
      <subfield code="a">Hypocrate</subfield>
      <subfield code="d">v460-v370</subfield>
    </datafield>
    <datafield tag="400" ind1="0" ind2=" ">
      <subfield code="a">Buqrāṭ</subfield>
      <subfield code="d">v460-v370</subfield>
    </datafield>
    <datafield tag="400" ind1="0" ind2=" ">
      <subfield code="a">Pseudhippokrates</subfield>
      <subfield code="d">v460-v370</subfield>
    </datafield>
    <datafield tag="400" ind1="0" ind2=" ">
      <subfield code="a">Hippokrates</subfield>
      <subfield code="d">v460-v370</subfield>
      <subfield code="9">v:R:RAK-ÖB</subfield>
    </datafield>
    <datafield tag="400" ind1="0" ind2=" ">
      <subfield code="a">Hippocrates</subfield>
      <subfield code="c">of Cos</subfield>
      <subfield code="d">v460-v370</subfield>
    </datafield>
    <datafield tag="400" ind1="0" ind2=" ">
      <subfield code="a">Hippocratus</subfield>
      <subfield code="c">Medicus</subfield>
      <subfield code="d">v460-v370</subfield>
    </datafield>
    <datafield tag="400" ind1="0" ind2=" ">
      <subfield code="a">Hippocratus</subfield>
      <subfield code="c">Cous</subfield>
      <subfield code="d">v460-v370</subfield>
    </datafield>
    <datafield tag="400" ind1="0" ind2=" ">
      <subfield code="a">Hippokrates</subfield>
      <subfield code="c">Arzt</subfield>
      <subfield code="d">v460-v370</subfield>
    </datafield>
    <datafield tag="400" ind1="0" ind2=" ">
      <subfield code="a">Hippocrates</subfield>
      <subfield code="c">Veterinarius</subfield>
      <subfield code="d">v460-v370</subfield>
    </datafield>
    <datafield tag="400" ind1="0" ind2=" ">
      <subfield code="a">Ippocrate</subfield>
      <subfield code="c">di Cos</subfield>
      <subfield code="d">v460-v370</subfield>
    </datafield>
    <datafield tag="400" ind1="0" ind2=" ">
      <subfield code="a">Hippocrates</subfield>
      <subfield code="c">Cous</subfield>
      <subfield code="d">v460-v370</subfield>
    </datafield>
    <datafield tag="400" ind1="0" ind2=" ">
      <subfield code="a">Hippocrates</subfield>
      <subfield code="c">Medicus</subfield>
      <subfield code="d">v460-v370</subfield>
    </datafield>
    <datafield tag="400" ind1="0" ind2=" ">
      <subfield code="a">Hippocrate</subfield>
      <subfield code="c">de Cos</subfield>
      <subfield code="d">v460-v370</subfield>
    </datafield>
    <datafield tag="400" ind1="0" ind2=" ">
      <subfield code="a">Pseudo-Hippocrates</subfield>
      <subfield code="c">Medicus</subfield>
      <subfield code="d">v460-v370</subfield>
    </datafield>
    <datafield tag="400" ind1="0" ind2=" ">
      <subfield code="a">Hippokrates</subfield>
      <subfield code="b">II.</subfield>
      <subfield code="d">v460-v370</subfield>
    </datafield>
    <datafield tag="400" ind1="0" ind2=" ">
      <subfield code="a">Hipócrates</subfield>
      <subfield code="d">v460-v370</subfield>
    </datafield>
    <datafield tag="400" ind1="0" ind2=" ">
      <subfield code="a">Hyppocrates</subfield>
      <subfield code="d">v460-v370</subfield>
    </datafield>
    <datafield tag="400" ind1="0" ind2=" ">
      <subfield code="a">Ypocrates</subfield>
      <subfield code="d">v460-v370</subfield>
    </datafield>
    <datafield tag="400" ind1="0" ind2=" ">
      <subfield code="a">Hippocras</subfield>
      <subfield code="d">v460-v370</subfield>
    </datafield>
    <datafield tag="400" ind1="0" ind2=" ">
      <subfield code="a">Hyppokrates</subfield>
      <subfield code="d">v460-v370</subfield>
    </datafield>
    <datafield tag="400" ind1="0" ind2=" ">
      <subfield code="a">Yppokrates</subfield>
      <subfield code="d">v460-v370</subfield>
    </datafield>
    <datafield tag="400" ind1="0" ind2=" ">
      <subfield code="a">Abuqrāṭ</subfield>
      <subfield code="d">v460-v370</subfield>
    </datafield>
    <datafield tag="400" ind1="0" ind2=" ">
      <subfield code="a">Hypocrates</subfield>
      <subfield code="d">v460-v370</subfield>
    </datafield>
    <datafield tag="400" ind1="0" ind2=" ">
      <subfield code="a">Hipocrates</subfield>
      <subfield code="d">v460-v370</subfield>
    </datafield>
    <datafield tag="400" ind1="0" ind2=" ">
      <subfield code="a">Ypocrares</subfield>
      <subfield code="d">v460-v370</subfield>
    </datafield>
    <datafield tag="400" ind1="0" ind2=" ">
      <subfield code="a">Hipocrate</subfield>
      <subfield code="d">v460-v370</subfield>
    </datafield>
    <datafield tag="400" ind1="0" ind2=" ">
      <subfield code="a">Ippokratēs</subfield>
      <subfield code="d">v460-v370</subfield>
    </datafield>
    <datafield tag="400" ind1="0" ind2=" ">
      <subfield code="a">Hippocrate</subfield>
      <subfield code="d">v460-v370</subfield>
    </datafield>
    <datafield tag="400" ind1="0" ind2=" ">
      <subfield code="a">Hippokrates</subfield>
      <subfield code="c">von Kos</subfield>
      <subfield code="d">v460-v370</subfield>
    </datafield>
    <datafield tag="400" ind1="0" ind2=" ">
      <subfield code="a">Pseudo-Hippokrates</subfield>
      <subfield code="d">v460-v370</subfield>
    </datafield>
    <datafield tag="400" ind1="0" ind2=" ">
      <subfield code="a">Pseudo-Hippocrates</subfield>
      <subfield code="d">v460-v370</subfield>
    </datafield>
    <datafield tag="400" ind1="0" ind2=" ">
      <subfield code="a">Hipokrates</subfield>
      <subfield code="d">v460-v370</subfield>
    </datafield>
    <datafield tag="400" ind1="0" ind2=" ">
      <subfield code="a">Ippocrate</subfield>
      <subfield code="d">v460-v370</subfield>
    </datafield>
    <datafield tag="400" ind1="0" ind2=" ">
      <subfield code="a">Ypocras</subfield>
      <subfield code="d">v460-v370</subfield>
    </datafield>
    <datafield tag="400" ind1="0" ind2=" ">
      <subfield code="a">Hippocratus</subfield>
      <subfield code="d">v460-v370</subfield>
    </datafield>
    <datafield tag="400" ind1="0" ind2=" ">
      <subfield code="a">Ippokrates</subfield>
      <subfield code="d">v460-v370</subfield>
    </datafield>
    <datafield tag="400" ind1="0" ind2=" ">
      <subfield code="a">Hippokrates</subfield>
      <subfield code="c">von Koos</subfield>
      <subfield code="d">v460-v370</subfield>
    </datafield>
    <datafield tag="400" ind1="0" ind2=" ">
      <subfield code="a">Hippokratēs</subfield>
      <subfield code="d">v460-v370</subfield>
    </datafield>
    <datafield tag="400" ind1="0" ind2=" ">
      <subfield code="a">Hippocrate</subfield>
      <subfield code="c">Cous</subfield>
      <subfield code="d">v460-v370</subfield>
    </datafield>
    <datafield tag="400" ind1="0" ind2=" ">
      <subfield code="a">Hippokrates</subfield>
      <subfield code="c">Cous</subfield>
      <subfield code="d">v460-v370</subfield>
    </datafield>
    <datafield tag="400" ind1="0" ind2=" ">
      <subfield code="a">Hippokratēs</subfield>
      <subfield code="c">Kōos</subfield>
      <subfield code="d">v460-v370</subfield>
    </datafield>
    <datafield tag="400" ind1="0" ind2=" ">
      <subfield code="a">Ippokratus</subfield>
      <subfield code="d">v460-v370</subfield>
    </datafield>
    <datafield tag="400" ind1="0" ind2=" ">
      <subfield code="a">Hippocratis</subfield>
      <subfield code="d">v460-v370</subfield>
    </datafield>
    <datafield tag="400" ind1="0" ind2=" ">
      <subfield code="a">Hippocrates</subfield>
      <subfield code="c">Pseudo-</subfield>
      <subfield code="d">v460-v370</subfield>
    </datafield>
    <datafield tag="400" ind1="0" ind2=" ">
      <subfield code="a">Pseudohippokrates</subfield>
      <subfield code="d">v460-v370</subfield>
    </datafield>
    <datafield tag="400" ind1="0" ind2=" ">
      <subfield code="a">Hippokrates</subfield>
      <subfield code="c">der Große</subfield>
      <subfield code="d">v460-v370</subfield>
    </datafield>
    <datafield tag="400" ind1="0" ind2=" ">
      <subfield code="9">U:Grek</subfield>
      <subfield code="a">Ἱπποκράτης</subfield>
      <subfield code="c">ὁ Κῷος</subfield>
      <subfield code="d">v460-v370</subfield>
    </datafield>
    <datafield tag="500" ind1="1" ind2=" ">
      <subfield code="0">(DE-101)122701933</subfield>
      <subfield code="0">(DE-588)122701933</subfield>
      <subfield code="0">https://d-nb.info/gnd/122701933</subfield>
      <subfield code="a">Röseler, Matthäus</subfield>
      <subfield code="d">1522-1569</subfield>
      <subfield code="4">beza</subfield>
      <subfield code="4">https://d-nb.info/standards/elementset/gnd#acquaintanceshipOrFriendship</subfield>
      <subfield code="w">r</subfield>
      <subfield code="i">Bekanntschaft</subfield>
      <subfield code="e">Bekanntschaft</subfield>
      <subfield code="9">v:VD-16 Mitverf.</subfield>
    </datafield>
    <datafield tag="500" ind1="1" ind2=" ">
      <subfield code="0">(DE-101)119112167</subfield>
      <subfield code="0">(DE-588)119112167</subfield>
      <subfield code="0">https://d-nb.info/gnd/119112167</subfield>
      <subfield code="a">Ulsen, Dietrich</subfield>
      <subfield code="d">1460-1508</subfield>
      <subfield code="4">beza</subfield>
      <subfield code="4">https://d-nb.info/standards/elementset/gnd#acquaintanceshipOrFriendship</subfield>
      <subfield code="w">r</subfield>
      <subfield code="i">Bekanntschaft</subfield>
      <subfield code="e">Bekanntschaft</subfield>
      <subfield code="9">v:VD-16 Mitverf.</subfield>
    </datafield>
    <datafield tag="500" ind1="1" ind2=" ">
      <subfield code="0">(DE-101)119059487</subfield>
      <subfield code="0">(DE-588)119059487</subfield>
      <subfield code="0">https://d-nb.info/gnd/119059487</subfield>
      <subfield code="a">Fuchs, Leonhart</subfield>
      <subfield code="d">1501-1566</subfield>
      <subfield code="4">beza</subfield>
      <subfield code="4">https://d-nb.info/standards/elementset/gnd#acquaintanceshipOrFriendship</subfield>
      <subfield code="w">r</subfield>
      <subfield code="i">Bekanntschaft</subfield>
      <subfield code="e">Bekanntschaft</subfield>
      <subfield code="9">v:Wemding; VD-16 Mitverf.</subfield>
    </datafield>
    <datafield tag="500" ind1="1" ind2=" ">
      <subfield code="0">(DE-101)102432694</subfield>
      <subfield code="0">(DE-588)102432694</subfield>
      <subfield code="0">https://d-nb.info/gnd/102432694</subfield>
      <subfield code="a">Brentius, Andreas</subfield>
      <subfield code="d">1454-1484</subfield>
      <subfield code="4">beza</subfield>
      <subfield code="4">https://d-nb.info/standards/elementset/gnd#acquaintanceshipOrFriendship</subfield>
      <subfield code="w">r</subfield>
      <subfield code="i">Bekanntschaft</subfield>
      <subfield code="e">Bekanntschaft</subfield>
      <subfield code="9">v:VD-16 Mitverf.</subfield>
    </datafield>
    <datafield tag="500" ind1="1" ind2=" ">
      <subfield code="0">(DE-101)119759101</subfield>
      <subfield code="0">(DE-588)119759101</subfield>
      <subfield code="0">https://d-nb.info/gnd/119759101</subfield>
      <subfield code="a">Memmius, Petrus</subfield>
      <subfield code="d">1531-1589</subfield>
      <subfield code="4">beza</subfield>
      <subfield code="4">https://d-nb.info/standards/elementset/gnd#acquaintanceshipOrFriendship</subfield>
      <subfield code="w">r</subfield>
      <subfield code="i">Bekanntschaft</subfield>
      <subfield code="e">Bekanntschaft</subfield>
      <subfield code="9">v:VD-16 Mitverf.</subfield>
    </datafield>
    <datafield tag="500" ind1="1" ind2=" ">
      <subfield code="0">(DE-101)117139440</subfield>
      <subfield code="0">(DE-588)117139440</subfield>
      <subfield code="0">https://d-nb.info/gnd/117139440</subfield>
      <subfield code="a">Opsopäus, Johannes</subfield>
      <subfield code="d">1556-1596</subfield>
      <subfield code="4">beza</subfield>
      <subfield code="4">https://d-nb.info/standards/elementset/gnd#acquaintanceshipOrFriendship</subfield>
      <subfield code="w">r</subfield>
      <subfield code="i">Bekanntschaft</subfield>
      <subfield code="e">Bekanntschaft</subfield>
      <subfield code="9">v:VD-16 Mitverf.</subfield>
    </datafield>
    <datafield tag="500" ind1="1" ind2=" ">
      <subfield code="0">(DE-101)119046377</subfield>
      <subfield code="0">(DE-588)119046377</subfield>
      <subfield code="0">https://d-nb.info/gnd/119046377</subfield>
      <subfield code="a">Leoniceno, Niccolò</subfield>
      <subfield code="d">1428-1524</subfield>
      <subfield code="4">beza</subfield>
      <subfield code="4">https://d-nb.info/standards/elementset/gnd#acquaintanceshipOrFriendship</subfield>
      <subfield code="w">r</subfield>
      <subfield code="i">Bekanntschaft</subfield>
      <subfield code="e">Bekanntschaft</subfield>
      <subfield code="9">v:VD-16 Mitverf.</subfield>
    </datafield>
    <datafield tag="500" ind1="0" ind2=" ">
      <subfield code="0">(DE-101)118591363</subfield>
      <subfield code="0">(DE-588)118591363</subfield>
      <subfield code="0">https://d-nb.info/gnd/118591363</subfield>
      <subfield code="a">Palladius</subfield>
      <subfield code="c">Alexandrinus</subfield>
      <subfield code="d">ca. 5. Jh.</subfield>
      <subfield code="4">beza</subfield>
      <subfield code="4">https://d-nb.info/standards/elementset/gnd#acquaintanceshipOrFriendship</subfield>
      <subfield code="w">r</subfield>
      <subfield code="i">Bekanntschaft</subfield>
      <subfield code="e">Bekanntschaft</subfield>
      <subfield code="9">v:VD-16 Mitverf.</subfield>
    </datafield>
    <datafield tag="500" ind1="0" ind2=" ">
      <subfield code="0">(DE-101)119847922</subfield>
      <subfield code="0">(DE-588)119847922</subfield>
      <subfield code="0">https://d-nb.info/gnd/119847922</subfield>
      <subfield code="a">Theodorus Podromus</subfield>
      <subfield code="4">beza</subfield>
      <subfield code="4">https://d-nb.info/standards/elementset/gnd#acquaintanceshipOrFriendship</subfield>
      <subfield code="w">r</subfield>
      <subfield code="i">Bekanntschaft</subfield>
      <subfield code="e">Bekanntschaft</subfield>
      <subfield code="9">v:VD-16 Mitverf.</subfield>
    </datafield>
    <datafield tag="500" ind1="1" ind2=" ">
      <subfield code="0">(DE-101)124960812</subfield>
      <subfield code="0">(DE-588)124960812</subfield>
      <subfield code="0">https://d-nb.info/gnd/124960812</subfield>
      <subfield code="a">Willich, Jodocus</subfield>
      <subfield code="d">1501-1552</subfield>
      <subfield code="4">beza</subfield>
      <subfield code="4">https://d-nb.info/standards/elementset/gnd#acquaintanceshipOrFriendship</subfield>
      <subfield code="w">r</subfield>
      <subfield code="i">Bekanntschaft</subfield>
      <subfield code="e">Bekanntschaft</subfield>
      <subfield code="9">v:VD-16 Mitverf.</subfield>
    </datafield>
    <datafield tag="548" ind1=" " ind2=" ">
      <subfield code="a">v460-v370</subfield>
      <subfield code="4">datl</subfield>
      <subfield code="4">https://d-nb.info/standards/elementset/gnd#dateOfBirthAndDeath</subfield>
      <subfield code="w">r</subfield>
      <subfield code="i">Lebensdaten</subfield>
      <subfield code="9">v:Angaben ca.</subfield>
    </datafield>
    <datafield tag="548" ind1=" " ind2=" ">
      <subfield code="a">v04-</subfield>
      <subfield code="4">datu</subfield>
      <subfield code="4">https://d-nb.info/standards/elementset/gnd#udkCode</subfield>
      <subfield code="w">r</subfield>
      <subfield code="i">UDK</subfield>
    </datafield>
    <datafield tag="548" ind1=" " ind2=" ">
      <subfield code="a">v03-</subfield>
      <subfield code="4">datu</subfield>
      <subfield code="4">https://d-nb.info/standards/elementset/gnd#udkCode</subfield>
      <subfield code="w">r</subfield>
      <subfield code="i">UDK</subfield>
    </datafield>
    <datafield tag="550" ind1=" " ind2=" ">
      <subfield code="0">(DE-101)040031578</subfield>
      <subfield code="0">(DE-588)4003157-3</subfield>
      <subfield code="0">https://d-nb.info/gnd/4003157-3</subfield>
      <subfield code="a">Arzt</subfield>
      <subfield code="4">berc</subfield>
      <subfield code="4">https://d-nb.info/standards/elementset/gnd#professionOrOccupation</subfield>
      <subfield code="w">r</subfield>
      <subfield code="i">Charakteristischer Beruf</subfield>
    </datafield>
    <datafield tag="551" ind1=" " ind2=" ">
      <subfield code="0">(DE-101)040325415</subfield>
      <subfield code="0">(DE-588)4032541-6</subfield>
      <subfield code="0">https://d-nb.info/gnd/4032541-6</subfield>
      <subfield code="a">Kos</subfield>
      <subfield code="g">Insel</subfield>
      <subfield code="4">ortg</subfield>
      <subfield code="4">https://d-nb.info/standards/elementset/gnd#placeOfBirth</subfield>
      <subfield code="w">r</subfield>
      <subfield code="i">Geburtsort</subfield>
    </datafield>
    <datafield tag="667" ind1=" " ind2=" ">
      <subfield code="a">12</subfield>
    </datafield>
    <datafield tag="667" ind1=" " ind2=" ">
      <subfield code="a">384</subfield>
    </datafield>
    <datafield tag="667" ind1=" " ind2=" ">
      <subfield code="a">7</subfield>
    </datafield>
    <datafield tag="667" ind1=" " ind2=" ">
      <subfield code="a">12-PAN</subfield>
    </datafield>
    <datafield tag="667" ind1=" " ind2=" ">
      <subfield code="a">VD-16</subfield>
    </datafield>
    <datafield tag="667" ind1=" " ind2=" ">
      <subfield code="a">TITAN</subfield>
    </datafield>
    <datafield tag="670" ind1=" " ind2=" ">
      <subfield code="a">PAN</subfield>
    </datafield>
    <datafield tag="670" ind1=" " ind2=" ">
      <subfield code="a">Thes. ling. Graec.</subfield>
    </datafield>
    <datafield tag="670" ind1=" " ind2=" ">
      <subfield code="a">Pauly neu</subfield>
    </datafield>
    <datafield tag="670" ind1=" " ind2=" ">
      <subfield code="a">Wikipedia</subfield>
      <subfield code="u">https://de.wikipedia.org/wiki/Hippokrates_von_Kos</subfield>
    </datafield>
    <datafield tag="672" ind1=" " ind2="0">
      <subfield code="a">Hippocrates: Von dem leben vnd gelaechter Democriti kurtzweilig vñ fast nutzlich z°ulesen. ... 1521. (VD16 H 3793)</subfield>
    </datafield>
    <datafield tag="672" ind1=" " ind2="0">
      <subfield code="a">Hippocrates: Sententia omnis, ac verba, quae in Hippocratis aphorismis continentur</subfield>
      <subfield code="f">1555</subfield>
    </datafield>
    <datafield tag="672" ind1=" " ind2="0">
      <subfield code="a">Hippocrates: De aere, aquis, et locis libellus ...</subfield>
      <subfield code="f">1529</subfield>
    </datafield>
    <datafield tag="672" ind1=" " ind2="0">
      <subfield code="a">Hippocrates: De aere, aquis et locis</subfield>
      <subfield code="f">1557</subfield>
    </datafield>
    <datafield tag="672" ind1=" " ind2="0">
      <subfield code="a">Hippocrates: De aeribus, aquis et locis</subfield>
      <subfield code="f">1800</subfield>
    </datafield>
    <datafield tag="672" ind1=" " ind2="0">
      <subfield code="a">Hippocrates: De aeribus, aquis et locis</subfield>
      <subfield code="f">1816</subfield>
    </datafield>
    <datafield tag="672" ind1=" " ind2="0">
      <subfield code="a">Hippocrates: Aphorismi .... - s.a.</subfield>
    </datafield>
    <datafield tag="672" ind1=" " ind2="0">
      <subfield code="a">Hippocrates: Aphorismi</subfield>
      <subfield code="f">1532</subfield>
    </datafield>
    <datafield tag="672" ind1=" " ind2="0">
      <subfield code="a">Hippocrates: Aphorismi</subfield>
      <subfield code="f">1543</subfield>
    </datafield>
    <datafield tag="672" ind1=" " ind2="0">
      <subfield code="a">Hippocrates: Aphorismi</subfield>
      <subfield code="f">1550</subfield>
    </datafield>
    <datafield tag="672" ind1=" " ind2="0">
      <subfield code="a">Hippocrates: Aphorismi</subfield>
      <subfield code="f">1554</subfield>
    </datafield>
    <datafield tag="672" ind1=" " ind2="0">
      <subfield code="a">Hippocrates: Aphorismi Hippocratis interp̃te Laurentio Laurentiano Florentino.. 1523. (VD16 H 3765)</subfield>
    </datafield>
    <datafield tag="672" ind1=" " ind2="0">
      <subfield code="a">Hippocrates: De aere, aquis et locis. 1590. (VD16 H 3751)</subfield>
    </datafield>
    <datafield tag="672" ind1=" " ind2="0">
      <subfield code="a">Hippocrates: HIPPOCRAtis Coi medicorum OMNIVM SINE CONtrouersia principis Aphorismorum sectiones ... 1544. (VD16 H 3756)</subfield>
    </datafield>
    <datafield tag="672" ind1=" " ind2="0">
      <subfield code="a">Hippocrates: HIPOCRATES DE PRAEPARATIONE HOminis ad Ptolomeum Regem è Graeco in Latinum traductus a ... 1562. (VD16 H 3783)</subfield>
    </datafield>
    <datafield tag="672" ind1=" " ind2="0">
      <subfield code="a">Hippocrates: NOSOMANTICA HIPPOCRATEA, Siue HIPPOCRATIS PROGNOSTICA CVNCTA, EX OMNIBVS IPSIVS ... 1588. (VD16 H 3749)</subfield>
    </datafield>
    <datafield tag="672" ind1=" " ind2="0">
      <subfield code="a">Hippocrates: Aphorismi. 1535. (VD16 H 3766)</subfield>
    </datafield>
    <datafield tag="672" ind1=" " ind2="0">
      <subfield code="a">Hippocrates: HIPPOCRATIS COI MEDICOrum Principis: De natura Hominis Liber. ACCESSERVNT BLASII ... 1558. (VD16 H 3813)</subfield>
    </datafield>
    <datafield tag="672" ind1=" " ind2="0">
      <subfield code="a">Hippocrates: HIPPOCRATIS COI MEDICORVM OMNIVM LONGE PRINCIPIS, OPERA QVAE AD NOS EXTANT OMnia, per ... 1558. (VD16 H 3746)</subfield>
    </datafield>
    <datafield tag="672" ind1=" " ind2="0">
      <subfield code="a">Velsius, Justus: Aphorismi. 1543. (VD16 V 532)</subfield>
    </datafield>
    <datafield tag="672" ind1=" " ind2="0">
      <subfield code="a">Hippocrates: Von dem leben vnd gelaechter Democriti kurtzweilig vñ fast nutzlich zůlesen. ... 1521. (VD16 H 3793)</subfield>
    </datafield>
    <datafield tag="678" ind1=" " ind2=" ">
      <subfield code="b">Griech. Arzt; Verfasser medizinischer, philosophischer u.a. naturwissenschaftlicher Werke</subfield>
    </datafield>
    <datafield tag="680" ind1=" " ind2=" ">
      <subfield code="a">Alle EST sind, sofern nicht anders vermerkt, entnommen der nicht veröffentlichten Ausgabe mit Stand 1995 des "Corpus Hippocraticum, Verzeichnis der hippokratischen und pseudohippokratischen Schriften, zusammengestellt von Gerhard Fichtner, Tübingen 1995" (= Fichtner 1995). Eine Vw "Corpus Hippocraticum" erfolgt nicht. Siehe dort</subfield>
    </datafield>
    <datafield tag="913" ind1=" " ind2=" ">
      <subfield code="S">pnd</subfield>
      <subfield code="i">5</subfield>
      <subfield code="a">Hippocrates</subfield>
      <subfield code="0">(DE-588a)11855140X</subfield>
    </datafield>
  </record>
